@book{NSU,
	author = {В.О.Никифоров, О.В.Слита, А.В.Ушаков }, 
	title = {ИНТЕЛЛЕКТУАЛЬНОЕ УПРАВЛЕНИЕ В УСЛОВИЯХ НЕОПРЕДЕЛЕННОСТИ }, 
	year = {2011}, 
	pages = {226}, 
	address = {Санкт-Петербург: СПбГУ ИТМО}
}