@inproceedings{kraetzschmar2014robocup,
	title={RoboCup@ Work: competing for the factory of the future},
	author={Kraetzschmar, Gerhard K and Hochgeschwender, Nico and Nowak, Walter and Hegger, Frederik and Schneider, Sven and Dwiputra, Rhama and Berghofer, Jakob and Bischoff, Rainer},
	booktitle={Robot Soccer World Cup},
	pages={171--182},
	year={2014},
	organization={Springer}
}

@Online{baxteruse,
	title = {Baxter for education in europe [Электронный ресурс]},
	url = {https://www.rethinkrobotics.com/blog/baxter-for-education-in-europe-graz-university-of-technology-austria/},
	note = {Дата обращения: 11.03.2018}
}

@Online{baxter,
	title = {Rethink Robotics, Baxter [Электронный ресурс]},
	url = {http://www.rethinkrobotics.com/},
	note = {Дата обращения: 11.03.2018}
}


@Online{careobot,
	title = {Fraunhofer IPA, Care-O-bot 4 [Электронный ресурс]},
	url = {http://www.mojin-robotics.de/},
	note = {Дата обращения: 11.03.2018}
}

@Online{moley,
	title = {Moley Robotic Kitchen [Электронный ресурс]},
	url = {http://www.moley.com/},
	note = {Дата обращения: 11.03.2018}
}



@Online{technomatix_kuka_youbot,
	title = {KUKA YOUBOT [Электронный ресурс]},
	url = {http://www.technomatix.ru/kuka-youbot},
	note = {Дата обращения: 08.02.2018}
}

@Online{sr300,
	title = {Intel RealSense SR300 [Электронный ресурс]},
	url = {https://software.intel.com/sites/default/files/managed/0c/ec/realsense-sr300-product-datasheet-rev-1-0.pdf},
	note = {Дата обращения: 22.04.2018}
}

@Online{youbot_detailed_specifications,
	title = {YouBot Detailed Specifications [Электронный ресурс]},
	url = {http://www.youbot-store.com/wiki/index.php/YouBot\_Detailed\_Specifications},
	note = {Дата обращения: 10.03.2018}
}

@Online{roboticstoolbox,
	title = {Robotics\_Toolbox for Scilab [Электронный ресурс]},
	url = {https://atoms.scilab.org/toolboxes/Robotics\_Toolbox},
	note = {Дата обращения: 12.05.2018}
}

@Online{review,
	title = {ROS (Robot Operating System) [Электронный ресурс]},
	url = {http://www.ros.org/news/robots/mobile-manipulators/},
	note = {Дата обращения: 12.03.2018}
}


@book{spong2005robot,
	title={Robot Modeling and Control},
	author={Spong, M.W. and Hutchinson, S. and Vidyasagar, M.},
	year={2005},
	publisher={Wiley},
	pages = 495
}

@book{siciliano2008springer,
	title={Springer Handbook of Robotics},
	author={Siciliano, B. and Khatib, O.},
	series={Springer Handbook of Robotics},
	year={2008},
	publisher={Springer Berlin Heidelberg},
	pages = 2227
}

@book{yabl19964,
	title={Курс теоретической механики. Статика. Кинематика. Динамика: [учебник для вузов по техническим специальностям]},
	author={Яблонский, А.А. and Никифорова, В.М.},
	year={2011},
	publisher={КноРус},
	pages = 603
}

@book{zenk2000,
	title={Управление роботами},
	author={Зенкевич, С. Л., Ющенко, А. С.},
	year={2000},
	publisher={МГТУ им. Н.Э. Баумана},
	pages = 400
}

@book{craig2018introduction,
	title={Introduction to Robotics: Mechanics and Control},
	author={Craig, J.J.},
	year={2018},
	publisher={Pearson},
	pages = 303
}

@article{dupac2018smooth,
	title={Smooth trajectory generation for rotating extensible manipulators},
	author={Dupac, Mihai},
	journal={Mathematical Methods in the Applied Sciences},
	pages={2281--2286},
	year={2018},
	publisher={Wiley Online Library}
}

@article{zhang2013cubic,
	title={Cubic spline trajectory generation with axis jerk and tracking error constraints},
	author={Zhang, Ke and Guo, Jian-Xin and Gao, Xiao-Shan},
	journal={International Journal of Precision Engineering and Manufacturing},
	pages={1141--1146},
	year={2013},
	publisher={Springer}
}

@book{datta2010numerical,
	title={Numerical Linear Algebra and Applications, Second Edition},
	author={Datta, B.N.},
	series={Other Titles in Applied Mathematics},
	year={2010},
	publisher={Society for Industrial and Applied Mathematics (SIAM, 3600 Market Street, Floor 6, Philadelphia, PA 19104)},
	pages = 530
}

@inproceedings{moreno2016comparative,
	title={A comparative study of filtering methods for point clouds in real-time video streaming},
	author={Moreno, Carlos and Li, Ming},
	booktitle={Proceedings of the World Congress on Engineering and Computer Science},
	year={2016},
	pages = 5
}

@article{aldoma2012tutorial,
	title={Tutorial: Point cloud library: Three-dimensional object recognition and 6 dof pose estimation},
	author={Aldoma, Aitor and Marton, Zoltan-Csaba and Tombari, Federico and Wohlkinger, Walter and Potthast, Christian and Zeisl, Bernhard and Rusu, Radu Bogdan and Gedikli, Suat and Vincze, Markus},
	journal={IEEE Robotics \& Automation Magazine},
	pages={80--91},
	year={2012},
	publisher={IEEE}
}

@inproceedings{papon2013voxel,
	title={Voxel cloud connectivity segmentation-supervoxels for point clouds},
	author={Papon, Jeremie and Abramov, Alexey and Schoeler, Markus and W{\"o}rg{\"o}tter, Florentin},
	booktitle={Computer Vision and Pattern Recognition (CVPR), 2013 IEEE Conference on},
	pages={2027--2034},
	year={2013},
	organization={IEEE}
}

@Online{toold3dthesis,
	title = {Ferran Roure Garcia, Tools for 3D Point Cloud Registration [Электронный ресурс]},
	url = {http://eia.udg.es/qsalvi/FerranRoureThesis.pdf},
	note = {Дата обращения: 16.04.2018}
}