@book{NSUsh,
	author = {В.О.Никифоров, О.В.Слита, А.В.Ушаков }, 
	title = {ИНТЕЛЛЕКТУАЛЬНОЕ УПРАВЛЕНИЕ В УСЛОВИЯХ НЕОПРЕДЕЛЕННОСТИ }, 
	year = {2011}, 
	pages = {226}, 
	address = {Санкт-Петербург: СПбГУ ИТМО}
}
@book{MIROSH,
	author = {Мирошник И.В.}, 
	title = {Теория автоматического управления. Линейные системы}, 
	year = {2005}, 
	pages = {336}, 
	address = {Санкт-Петербург: СПбГУ ИТМО}
}